1834 2607
193 205 325 260 Quod
343 198 596 258 Aegyptiis,
616 197 728 243 idem
745 196 1062 262 propemodum
1075 197 1442 250 ludaeis‚‘a}:cidit‚
1453 198 1617 255 'quibus

197 274 330 316 quum
349 259 644 301 abstinendum
662 258 767 302 effet
783 259 859 303 esu
875 259 1029 313 perch}
1045 265 1250 313 tanquam
1272 259 1388 302 foedi
1414 260 1611 301 animalis

181 324 247 358 *et
264 316 490 361 immundi,
517 316 803 368 praecipitato
832 314 884 355 de
902 315 984 356 hac
1009 316 1261 357 abstinentia
1285 317 1437 358 iudicio
1453 328 1611 369 coepe-

198 377 305 426 runt
322 372 520 412 nonnulli
536 371 780 423 religiosum
796 383 1030 425 porcorum
1046 373 1212 414 cultum
1219 373 1474 414 ludaeorum
1488 372 1611 425 genti

130 475 135 477 s
199 430 453 484 exprobare.
510 426 610 478 Quo
627 428 750 468 locus
770 441 796 467 e
812 425 1007 468 Petronii
1024 429 1280 482 fragmentis
1294 430 1510 485 pertinet:

380 490 513 526 Iudaeus
532 488 604 522 licet
619 496 651 522 et
665 490 828 534 porcinum
844 492 973 524 Numen
991 491 1115 537 adoret,

423 538 461 570 Et
479 533 546 568 ciui
561 534 693 568 summas
710 537 837 569 inuncet
850 535 1016 584 auriculas.

197 601 252 642 In
276 602 397 642 cuius
416 600 1002 642 errorissocietatemvenire
1014 606 1059 642 et
1068 595 1608 649 Chrfflianicredebantur,‘

196 669 288 698 non
306 657 420 708 quod
439 661 486 695 et
508 655 582 710 ipfi
606 655 898 697 abstinendum
918 656 990 697 fibi
1015 670 1039 697 a
1063 671 1193 699 carne
1215 659 1335 699 suilla
1357 658 1606 703 credebant,

195 714 268 753 sed
289 715 397 764 quia,
411 725 519 764 quae
539 719 634 752 erat
650 713 801 765 supina
815 710 1069 766 scriptorum
1085 715 1312 766 gentilium
1329 715 1607 768 negligentia,

196 780 223 807 a
236 768 404 816 Iudaeis
424 780 514 806 non
530 768 629 807 satis
645 768 1003 807 discernebantur.
1056 770 1160 809 Non
1178 768 1436 820 dissimulare
1444 769 1527 807 hoc
1541 770 1609 807 lo-

200 836 254 863 co
277 822 463 876 poffum,
506 835 634 874 quam
656 824 853 864 iniuriam
877 836 1015 877 praue
1045 824 1271 864 iudicando
1301 828 1348 862 et
1368 824 1535 862 Iudaeis
1559 826 1607 862 ee

200 878 455 920 Christianis
474 880 714 919 intulerant
730 879 927 931 gentiles,
948 880 1128 919 eandem
1144 877 1324 920 viciffim
1340 877 1608 919 Christiano-

195 947 293 974 rum
310 935 546 975 nonnullos
564 935 795 988 scriptores
811 934 994 976 intulisse
1009 936 1253 987 gentilibus,
1273 939 1319 975 et
1336 935 1395 983 ita
1416 931 1607 974 retuliffe

194 1002 276 1044 par
291 992 396 1042 pari.
452 990 564 1040 Quid
581 993 697 1029 enim
706 990 779 1035 est,
788 990 902 1039 quod
909 990 1164 1031 Lactantius
1181 990 1213 1036 I,
1223 1003 1269 1030 20
1296 990 1477 1030 Floram
1487 989 1606 1029 scor-

193 1049 288 1095 tum
306 1044 425 1083 fuiss'e
442 1045 574 1088 dicat,
588 1047 631 1082 in
643 1044 744 1082 deas
762 1044 961 1090 relatum,
979 1046 1109 1096 inque
1131 1047 1224 1084 eius
1241 1045 1469 1090 honorem,
1490 1042 1608 1093 quod

194 1110 374 1151 magnas
389 1110 497 1151 opes
516 1110 574 1137 ex
589 1103 685 1138 arte
701 1097 1172 1152 meretriciaquaefitas
1193 1098 1428 1150 reliquissbt
1436 1098 1607 1154 populo

195 1167 389 1198 romane,
399 1154 592 1193 Floralia
600 1157 834 1204 quotannis
846 1155 1062 1193 celebrata
1077 1153 1321 1195 existimet?
1347 1153 1498 1193 Potest
1514 1155 1606 1195 evi-

194 1210 394 1251 dentibus
414 1208 629 1252 Varronis
647 1209 699 1248 de
723 1208 777 1248 L.
787 1208 840 1249 L.
850 1208 915 1251 IV
930 1207 1311 1264 p.'20.testimoniis
1330 1209 1486 1256 doceri,
1495 1209 1536 1250 F
1539 1210 1605 1249 lo-

190 1278 287 1306 ram
303 1264 422 1306 fuiffe
435 1262 694 1305 Sabinorum
711 1264 849 1318 deam,
867 1269 913 1305 et
931 1278 957 1304 a
968 1264 1222 1317 Tatiofrege
1240 1277 1340 1305 cum
1351 1265 1444 1315 aliis
1461 1267 1602 1306 numi-

193 1322 319 1361 nibus
334 1321 384 1361 ad
402 1321 629 1361 Romanos
650 1321 919 1360 translatam.
973 1320 1069 1362 Nec
1088 1333 1172 1372 que
1212 1349 1214 1352 ψ
1264 1321 1321 1360 'hi
1342 1326 1601 1374 temperare,

193 1378 297 1429 quin
316 1377 501 1416 eiusdem
517 1375 606 1416 siue
620 1376 899 1427 malignitatis
908 1375 997 1416 fiue
1013 1378 1195 1428 ignoran
1218 1389 1283 1416 iae
1292 1377 1486 1417 accusem
1494 1376 1602 1416 Ter-

192 1431 432 1476 tullianum,
439 1431 685 1470 Minucium
693 1430 900 1477 Felicem,
914 1431 1191 1473 Lastantium
1207 1433 1413 1479 eundem,
1429 1430 1600 1483 quando

192 1487 245 1527 de
262 1485 470 1533 Cluacina
483 1486 662 1529 Venere
677 1486 938 1540 loquuntur,
956 1492 1161 1540 tanquam
1187 1489 1266 1528 dea
1289 1488 1457 1528 latrinis
1467 1498 1600 1539 prae-

189 1542 312 1589 fecta,
328 1543 499 1594 eiusque
515 1540 742 1592 fimulacro
750 1546 795 1584 in
809 1544 955 1584 cloaca
971 1551 1163 1598 reperto,
1216 1542 1481 1589 Lactantio&
1491 1540 1600 1584 Gn·

189 1600 297 1644 cinae,
314 1600 465 1650 inquit,
467 1597 701 1654 simulacrum
717 1601 753 1640 in
771 1599 890 1641 cloaca
913 1603 1071 1641 maxima
1087 1605 1263 1655 repertum
1286 1599 1412 1641 Tatius
1423 1595 1597 1653 consecra·

190 1656 257 1704 vit,
273 1660 306 1694 et
321 1655 406 1709 quia
416 1684 426 1701 ‚
443 1654 542 1695 cuius
555 1654 629 1709 fft
643 1654 787 1710 effigies,
802 1654 1015 1711 ignorabat,
1034 1667 1080 1695 ex
1101 1655 1178 1696 loco
1205 1655 1260 1696 illi
1276 1669 1395 1695 nomen
1417 1649 1593 1707 impofiait.

191 1706 309 1750 Satis
326 1713 526 1761 apparet,
544 1709 819 1758 Lacus-*dum
837 1709 956 1761 loq'ui
980 1711 1033 1750 de
1050 1711 1176 1751 Tatio
1194 1709 1449 1751 Sabinorum
1476 1720 1596 1759 rege,

109 1805 112 1806 γ
187 1764 353 1816 ‘collega
369 1764 626 1817 aliquamdiu
641 1765 830 1807 Romuli.
887 1765 1113 1817 Quaerere
1131 1767 1201 1806 hic
1214 1779 1274 1806 ex
1289 1760 1499 1809 Lactantii
1520 1763 1593 1803 de·-

189 1820 450 1874 senioribus,
465 1821 497 1865 fi
513 1823 585 1871 qui
601 1822 712 1869 sunt,
730 1823 867 1867 lubet,
882 1835 991 1873 quae
1008 1822 1091 1861 hoc
1101 1816 1436 1875 tempore‘fuerit
1446 1820 1592 1858 cloaca

190 1875 388 1919 maxima,
404 1875 518 1926 quod
537 1877 724 1930 operum
737 1879 929 1917 omnium
948 1879 1195 1923 maximum,
1204 1883 1254 1918 vt
1265 1873 1431 1915 Plinius
1448 1877 1590 1917 vocat,

191 1933 368 1968 centum
396 1929 568 1970 demum
589 1934 725 1978 annis
732 1938 786 1982 5³1:
811 1933 995 1980 ampl-ius„
1019 1932 1114 1980 post
1140 1932 1309 1982 Tatium
1333 1929 1538 1970 structum
1562 1940 1589 1967 a

190 1983 424 2034 Tarquinio
435 1982 578 2023 Prisco
588 1983 753 2022 constat
760 1982 782 2023 *ἓ
799 1980 887 2023 Sed
894 1994 1003 2033 quae
1011 1983 1186 2023 tandem
1196 1983 1264 2030 est,
1275 1987 1423 2036 inquis,
1430 1983 1588 2025 Venus

189 2038 360 2082 ista‚seu
367 2035 904 2083 Cluacina‘seu‘Cloacina‘4>
930 2036 1205 2079 Audiendum
1222 2040 1302 2080 effe
1312 2039 1495 2081 Plinium
1503 2038 1588 2079 viri

124 2121 136 2128 -
191 2094 302 2135 doffi
315 2100 508 2143 monent,
516 2088 696 2146 qui'XV,
707 2109 753 2146 29
772 2097 853 2152 ita:
882 2094 1038 2151 Myrtus
1041 2093 1136 2150 fuit,
1145 2094 1205 2137 vbi
1224 2092 1434 2138 nuncRoma
1442 2093 1499 2147 ss,
1512 2094 1586 2134 iam

104 2159 113 2162 ‘
189 2155 277 2199 tum,
296 2162 404 2206 quum
420 2149 643 2198 conderetur:
667 2152 798 2206 quippe
812 2151 865 2191 ita
880 2151 1062 2195 traditur,
1079 2157 1213 2205 myrtea
1243 2145 1386 2191 verbena
1401 2149 1587 2192 Romanos

172 2213 175 2216 .
186 2201 417 2267 Sub-„fian
428 2219 537 2264 quum
547 2212 701 2264 propter
719 2212 847 2263 raptas
862 2206 1017 2314 virgin?
1031 2205 1194 2252 amicare
1210 2203 1403 2263 wluiffm’
1421 2203 1590 2303 delaqrfimtg
