1834 2607
163 1240 176 1244 ”

229 1322 325 1345 ι.-,-
537 1310 564 1342 Α

584 1323 829 1367 ”hominum
856 1324 1080 1378 'mox-elque
1110 1327 1431 1378 cognoscendos
1450 1339 1541 1366 non
1561 1339 1635 1379 pa-

215 1389 319 1418 rum
340 1378 723 1426 accommodatam;
742 1382 1073 1434 persequuntur.
1108 1381 1264 1432 Neque
1285 1384 1401 1420 enim
1421 1383 1635 1431 ambigere

216 1434 345 1479 licet,
373 1428 679 1487 placuerintne
699 1436 773 1477 fibi
782 1438 895 1476 'olim
915 1436 1217 1477 Dardanenses
1229 1436 1278 1474 in·
1290 1438 1488 1487 corporis
1503 1440 1635 1476 ‘mun-

216 1490 343 1535 ditie,
373 1502 429 1529 an
459 1491 505 1529 in
535 1491 730 1532 sordibus
762 1498 807 1532 et
838 1493 1006 1538 illuuie,
1034 1493 1066 1531 fi
1088 1493 1191 1542 'quis
1212 1491 1399 1529 relatum
1419 1491 1545 1541 legit,
1574 1493 1635 1539 iis,

217 1545 361 1596 quoad
391 1547 619 1592 viuerent,
658 1552 729 1587 ter
764 1548 978 1588 duntaxat
1007 1548 1249 1599 squalorem
1279 1545 1504 1596 sordesque
1539 1560 1634 1585 cor-

215 1602 340 1652 poris
360 1601 547 1641 lauando
570 1603 761 1643 detersas
781 1603 922 1649 fuisse,
952 1616 1083 1654 quum
1105 1605 1149 1641 in
1184 1603 1328 1641 lucem
1360 1601 1460 1640 editi
1490 1600 1635 1650 effent,

215 1666 353 1707 quum
383 1659 560 1711 nuptias
580 1656 733 1699 fasturi
755 1658 913 1704 effent,
942 1661 991 1698 e't
1006 1654 1138 1709 quum
1167 1661 1355 1696 mortem
1378 1655 1582 1696 obiiss‘ent.
1620 1654 1622 1657 ’

291 1776 295 1778 ,
328 1727 426 1767 Etfi
449 1741 564 1779 ,vero
593 1737 798 1774 veterum
830 1733 995 1771 rituum
1029 1729 1275 1781 descriptio.
1296 1733 1387 1768 tam
1416 1728 1546 1780 plana
1576 1725 1638 1766 est

217 1782 362 1834 prima
400 1783 564 1837 specie,
603 1790 780 1837 tamque
811 1785 1036 1839 expedita,
1066 1788 1116 1825 vt
1148 1786 1289 1824 omnis
1320 1795 1473 1823 eorum
1506 1794 1638 1835 opera

219 1838 427 1890 laborque
456 1842 580 1893 parui
600 1842 820 1882 faciendus
851 1842 1070 1885 videatur,
1101 1843 1173 1891 qui
1202 1840 1245 1878 se
1275 1840 1328 1879 ad
1358 1838 1638 1891 explicandos

224 1904 302 1932 eos
322 1895 573 1941 conferunt,
598 1909 731 1948 quum
752 1897 861 1935 nihil
879 1897 1079 1936 videatur
1111 1894 1194 1933 effe
1223 1894 1388 1933 facilius
1403 1921 1413 1937 ,
1441 1905 1569 1943 quam
1589 1904 1640 1930 ea

220 1947 510 2000 pertractare,
563 1964 672 2002 quae
705 1951 953 2003 quotidiana
981 1962 1123 2003 prope
1163 1948 1472 1988 consuetudine
1501 1947 1639 1986 homi-

184 2036 227 2053 22.
433 2007 656 2052 Wenirun‘n
675 2019 879 2059 quaeque
910 2008 972 2045 ine
985 2003 1109 2051 fastis
1130 2009 1177 2043 et
1205 2003 1397 2043 moribus
1418 2003 1555 2043 totius
1574 2003 1638 2042 vi-

220 2062 296 2096 tae
411 2062 431 2078 ‘⁸
462 2066 580 2114 ‘tum
598 2096 603 2103 .
620 2066 792 2109 tamen,
832 2061 910 2102 etsi
939 2049 1074 2106 noflr‘n
1104 2059 1266 2099 nodum
1287 2061 1332 2098 in
1353 2058 1487 2112 scirpo
1508 2070 1638 2111 quae·

221 2125 348 2158 rere,
377 2113 734 2171 difficmtatesque
755 2120 801 2158 in
833 2131 883 2158 re
912 2117 1025 2158 facili
1055 2116 1336 2161 comminisci,
1364 2127 1455 2154 non
1475 2115 1640 2155 dubita-

222 2171 309 2209 rim
332 2173 620 2223 contendere,
649 2165 796 2215 etiaiffl
808 2173 877 2214 his
901 2180 948 2214 et
979 2171 1399 2227 circumspectionem
1440 2176 1486 2211 et
1515 2182 1640 2233 accu-

188 2246 196 2268 ,·
216 2230 370 2268 latam}
389 2230 612 2279 quandam
632 2229 908 2284 diligentiam,
922 2229 1220 2287 *adhibendam
1240 2228 1341 2276 este,
1370 2228 1442 2281 qui
1476 2228 1521 2266 in
1549 2226 1643 2321 rgti-

279 2317 283 2320 .
348 2306 350 2308 ·
1592 2288 1646 2319 US

507 1013 621 1144 Tui
641 1104 695 1144 de
713 1106 867 1153 ritibus
887 1103 1085 1156 gentium'
1112 1106 1460 1157 cerimoniisque,
1489 1104 1561 1147 vel
1582 1105 1633 1146 ab

549 1158 567 1223 ᾗ
603 1160 861 1209 antiquitate
889 1161 962 1200 vel
983 1160 1062 1200 hac
1095 1164 1264 1201 recenti
1292 1166 1435 1201 aetate
1468 1161 1634 1201 institu-

603 1214 680 1257 tis,
730 1220 982 1267 exponunt,
1009 1214 1123 1255 haud
1151 1217 1275 1255 dubie
1303 1222 1475 1269 partem
1504 1216 1645 1265 histo-,4

271 1276 386 1335 ὑλ
444 1281 525 1334 ‹⁴›
559 1234 564 1307 1
603 1269 715 1314 riae,
746 1281 924 1322 eamque
954 1271 1209 1325 perutilem,
1249 1276 1294 1311 et
1330 1271 1382 1311 ad
1411 1272 1635 1323 ingenium

342 1329 408 1347 ’'-m
486 1339 509 1342 φ
