1834 2607
226 228 601 281 gnum'numerum
607 224 807 279 producit
813 218 1039 266 Fabi-icius
1044 223 1251 276 Bibliogr.
1260 220 1593 277 antiquat-,VIR
1600 226 1635 274 3ss

227 283 380 334 quibus
399 281 491 322 addi
510 283 675 334 poterit
690 280 812 321 Elias
825 280 1006 334 Benojst
1025 282 1071 320 in
1088 280 1358 334 praefatione
1373 281 1635 333 obseruatio-5

228 349 335 376 num
351 336 408 389 acl
419 337 477 374 Io.
497 336 680 377 Tolandi
695 335 898 387 Origines
916 336 1124 381 IudaicaS,
1142 335 1294 387 gallice
1309 337 1578 389 scriptarum.

227 402 234 408 ·
291 439 294 441 ¹
337 389 588 441 Antequam
612 391 731 430 hunc
762 390 908 445 locum
939 392 1201 443 relinquam,
1228 391 1634 433 commemorandus

227 444 334 488 mihi
359 444 620 497 Aristoteles
643 444 726 491 est,
752 447 826 497 qui
842 450 1053 487 'veterum
1070 446 1291 498 Thraeum
1318 451 1493 490 tantum
1510 445 1633 487 fuifl'e

221 502 361 543 tradit
375 501 612 554 stuporem,
639 505 689 541 vt
707 502 752 540 in
766 502 1034 542 numerando
1059 502 1178 542 vltra
1194 495 1521 552 quaternarium
1538 513 1632 542 non

189 595 196 601 ,
225 558 454 612 potuerim:
486 556 702 609 progredi.
771 554 994 607 Agedum,
1027 557 1189 596 summe
1214 555 1499 602 Aristoteles,
1532 556 1633 607 qui'd

226 598 380 665 quaeso
403 612 473 651 hic
498 613 544 650 in
571 610 683 656 fasto
713 611 899 664 pofitum
929 610 1018 652 est?
1071 609 1274 652 Profesto
1302 610 1411 651 nihil
1439 611 1518 651 nifi
1545 611 1631 652 hoc

225 679 382 712 vnum,
409 672 585 708 veteres
594 667 796 720 ‘Thracas
813 680 906 706 eam
924 667 1178 707 numerandi
1192 669 1409 707 rationem
1425 667 1631 717 sequutus

214 715 320 770 essex,
347 736 457 773 quae
473 723 590 762 vltra
606 723 930 778 quaternarium
946 735 1037 763 non
1053 722 1262 776 procedit.
1291 719 1382 763 Sed
1397 734 1504 762 num
1525 722 1632 763 illud

224 789 360 829 aeque
379 779 423 815 in
438 775 550 816 faeto
567 777 753 829 pofitum
771 776 847 823 est,‘
870 788 895 816 a
909 777 1085 829 stupore
1101 776 1323 817 Thracum
1342 776 1462 817 hunc
1478 789 1633 817 nume-

222 833 347 874 randi
363 838 531 871 morem
546 831 629 872 effe
645 831 964 887 repetendum?
991 831 1196 872 Minimez
1223 830 1309 870 hoc
1331 836 1458 871 tuum
1482 832 1536 870 de
1553 831 1632 871 isto

222 887 383 930 sakkum
399 888 599 927 iudicium
617 886 689 928 est.
744 885 991 929 Videndum
1007 899 1137 930 vero,
1165 897 1221 924 an
1237 883 1416 925 restum.
1470 885 1633 927 Videre

221 942 327 982 mihi
355 943 525 988 videor,
554 954 633 983 cur
655 941 702 983 te
726 945 839 982 ratio
858 942 1032 992 fugerit.
1115 939 1385 995 Numerandi
1402 942 1633 986 rationem,

221 1009 331 1049 quae
353 997 406 1037 ad
433 997 657 1037 denarium
686 997 990 1049 progreditun
1022 996 1104 1035 esse
1122 994 1330 1035 credidisti
1346 995 1634 1044 necessariam,

221 1064 400 1102 eamque
415 1052 466 1091 ab
483 1050 741 1102 naturaipsa
755 1052 912 1103 potius,
920 1062 1047 1101 quam
1063 1052 1115 1090 ab
1140 1050 1332 1089 humano
1350 1050 1538 1095 confilio,
1556 1051 1635 1092 ‹le-

218 1099 455 1148 riuhndam.
511 1101 562 1143 Si
583 1108 659 1144 tua
675 1106 767 1145 vita
788 1106 833 1145 in
851 1105 958 1146 haec
976 1111 1176 1156 tempora
1198 1103 1426 1149 incidiffet,
1454 1104 1487 1143 fi
1503 1103 1633 1148 Wei-

210 1162 377 1215 gelius,
405 1159 438 1198 fi
458 1157 720 1203 Leibnitius‚
746 1159 778 1197 fi
802 1160 1004 1197 nonnulli
1027 1160 1097 1197 alii
1127 1159 1202 1197 tibi
1227 1158 1528 1209 innotuissent,
1557 1161 1632 1211 qui

209 1217 399 1271 planum
414 1213 636 1259 fecerunt,
663 1212 781 1266 poffe
798 1225 896 1252 eum
915 1214 1045 1250 etiam
1061 1211 1304 1264 perfectum
1320 1211 1403 1252 effe
1422 1213 1632 1254 arithme-

208 1275 379 1316 ticum,
405 1271 477 1321 qui
506 1270 717 1320 quinque,
746 1270 818 1319 qui
836 1268 941 1315 duo,
966 1267 1199 1308 numerare
1215 1267 1395 1313 nesciat,
1419 1268 1629 1322 profecto,

218 1329 324 1380 quin
338 1325 458 1366 istam
476 1325 734 1365 sententiam
751 1324 911 1368 ferres,
938 1324 1014 1363 tibi
1040 1322 1331 1376 temperass'es.
1386 1323 1569 1365 Interim
1594 1326 1629 1366 fi

218 1380 416 1424 solatium
434 1380 516 1425 est,
541 1380 680 1420 socios
695 1379 856 1420 habere
872 1385 1094 1425 errorum,
1122 1378 1273 1419 solatio
1295 1379 1371 1419 tibi
1395 1379 1479 1420 effe
1501 1381 1631 1421 multi

207 1440 449 1492 poterunt,
476 1435 549 1484 qui
579 1441 720 1486 prope
743 1434 796 1474 ad
819 1434 1005 1475 eundem
1027 1434 1213 1486 lapidem
1239 1436 1506 1487 impingunt,
1534 1439 1628 1487 qui-

218 1504 303 1545 que
318 1489 507 1543 stupidos
520 1486 754 1529 Abderitas
768 1493 937 1543 putant,
962 1488 1234 1540 quaesitique,
1262 1501 1342 1529 cur
1355 1495 1525 1542 putent,
1541 1490 1628 1531 hoc

219 1547 431 1598 adferunt,
447 1544 660 1597 plurimos
676 1557 828 1586 eorum
844 1544 1070 1597 aliquando
1088 1547 1133 1585 in
1146 1544 1299 1585 febrim
1311 1544 1507 1595 incidisse,
1519 1558 1626 1586 con-

217 1600 406 1645 iumStam
431 1612 529 1640 cum
554 1604 680 1641 tanto
713 1597 883 1647 delirio,
910 1606 963 1643 vt
984 1601 1135 1642 versus
1154 1600 1407 1647 funderent,
1436 1601 1627 1642 carmina

213 1659 446 1714 poetarum
461 1658 720 1703 recitarent,
736 1659 780 1697 in
799 1657 1018 1709 triuiisque
1036 1661 1081 1697 et
1098 1658 1298 1711 compitis
1307 1655 1456 1710 paffim
1465 1657 1625 1699 discur-

217 1718 369 1754 rentes
388 1711 872 1752 histrioniam'facerent.
929 1712 1030 1751 Eho
1053 1713 1240 1763 obsecro,
1258 1713 1358 1764 quid
1377 1714 1436 1753 itn
1451 1715 1625 1753 ratioci-

218 1766 410 1809 nantur?
438 1765 622 1807 Caditne
639 1768 835 1808 deliratio
849 1769 894 1807 in
908 1766 1103 1821 stupidos
1115 1768 1228 1808 solos
1239 1767 1261 1810 2
1289 1768 1362 1809 vel
1374 1770 1536 1823 potius,
1553 1778 1625 1809 ca-

220 1824 358 1863 detne'
380 1833 570 1872 vnquaxn
597 1823 793 1862 deliratio
816 1829 906 1862 tam
928 1823 1128 1874 elegans,
1154 1836 1267 1877 pene
1296 1824 1497 1866 dixerim,
1520 1829 1624 1863 -tam

203 1924 205 1926 ,
220 1877 408 1920 amabilis
425 1877 604 1916 omnino
625 1878 669 1917 i'n
684 1877 873 1933 stupidos
884 1877 907 1919 2
934 1876 1010 1918 An
1029 1879 1121 1920 dica
1137 1891 1244 1931 ergo
1260 1875 1408 1921 Voffio
1435 1877 1624 1917 scriben-

198 1955 201 1957 >
220 1935 291 1979 da,
320 1934 392 1984 qui
409 1933 458 1972 ad
478 1932 643 1972 Melam
659 1947 701 1986 p.
716 1945 786 1983 442
810 1935 913 1974 talia
934 1947 960 1973 a
974 1935 1119 1979 deliris
1136 1937 1303 1987 potius,
1333 1946 1461 1985 quam
1479 1934 1532 1974 de
1548 1934 1625 1975 de-

175 2029 185 2034 „
215 1990 326 2037 liris,
336 1987 422 2033 dici
434 1986 677 2029 existimat?
704 1986 793 2030 Sed
810 1989 911 2042 quid
933 1988 1001 2040 his
1018 1990 1175 2031 diutius
1197 1988 1437 2042 immoror?
1463 1988 1626 2031 Venia-

216 2057 315 2085 mus
332 2045 385 2084 ad
399 2055 490 2089 eos,
518 2046 590 2095 qui
614 2046 659 2084 in
675 2044 1115 2098 rit-ibusvexponendis
1129 2046 1257 2084 nimis
1272 2044 1478 2096 vulgaria,
1494 2045 1623 2085 nimis

216 2100 405 2145 minuta,
432 2111 514 2139 nec
529 2100 641 2140 ritus
654 2101 694 2140 ei
710 2102 848 2153 genti,
873 2100 927 2140 de
942 2112 1028 2152 qua
1042 2104 1291 2154 exponunt,
1320 2102 1533 2153 proprios,
1550 2100 1623 2140 Ied

196 2168 355 2211 prope
387 2155 584 2196 omnibus
618 2157 818 2208 gentibus
846 2168 1120 2201 communes,
1170 2167 1253 2195 nec
1280 2157 1422 2199 veteri
1445 2160 1622 2197 tantum

115 2251 118 2255 .
197 2217 360 2267 'notate
371 2215 386 2258 ,'
419 2210 492 2255 sed
521 2213 660 2266 omni,
685 2205 911 2269 receptos,
931 2223 990 2254 ac
1015 2211 1115 2254 fere
1132 2209 1374 2269 „neoeflkrio
1399 2210 1557 2310 vbiqwze
1575 2216 1623 2253 et

194 2286 197 2289 .
218 2287 220 2290 ,
267 2294 270 2297 ,
495 2306 499 2311 “
1460 2296 1467 2299 —
1530 2279 1625 2313 em-
