1834 2607
743 57 1047 134 §.5045ss
1586 73 1616 124 a·

203 174 285 213 bus
313 171 500 221 antiquis
530 167 795 223 explicandis
824 170 896 210 fibi
924 169 975 210 ab
1006 178 1157 209 errore
1187 166 1529 223 caueresvelint,
1562 173 1610 215 et

203 231 409 276 tanquam
430 228 474 263 in
494 227 564 265 via
584 225 713 277 plana
732 225 938 264 inoffenso
958 224 1069 276 pede
1089 224 1318 264 ambulare.

312 281 491 321 Norunt
512 292 686 327 omnes,
714 279 803 320 ess'e·
818 277 1027 320 historicis
1057 278 1255 331 quasdam
1287 280 1407 332 leges
1434 278 1607 336 pofitas,

200 347 306 385 quas
329 337 472 386 egredi
493 338 676 386 nemini,
707 347 811 386 quas
841 336 1063 385 negligere
1082 336 1303 385 nusquam,
1325 338 1464 382 liceat,
1485 340 1608 377 cuius

201 392 372 441 generis
383 402 471 429 non
483 390 612 430 modo
622 390 720 430 sunt
739 390 835 441 illae
843 403 855 441 ς
873 388 1006 446 nequid
1003 386 1100 444 falfi
1107 388 1218 430 dicere
1224 390 1377 444 audeas.-
1395 404 1436 438 ne
1448 390 1542 446 quid
1547 405 1608 431 ve-

200 447 235 485 ri
251 446 360 485 dicere
376 461 447 485 non
461 445 595 485 audeas
603 461 616 487 :
641 434 710 485 sed
721 452 766 485 et
777 442 894 491 aliae,
904 458 1013 496 quae
1023 444 1178 496 existis
1188 445 1281 485 fere
1292 446 1519 498 ducuntur,
1529 459 1608 487 ve-

199 499 280 538 luti
293 513 302 538 :
321 507 442 550 faueat
449 500 681 554 hssoricusme
701 514 781 540 uum
789 499 829 541 de
837 499 939 540 rebus
932 495 1050 553 saffis
1058 499 1222 541 iudicium
1232 497 1422 553 cumfaffls
1431 501 1511 553 ipfh
1521 514 1610 547 con-

188 552 328 608 fumiat
338 570 350 594 .·
377 562 473 595 curet
491 554 588 603 idem,
600 562 638 594 vt
665 556 721 595 uis
733 569 895 610 quaeque
909 554 1004 599 lacis,
1018 551 1187 608 personis,
1201 552 1415 609 temporibus
1430 553 1606 609 adfignet:

195 609 385 661 prouideat
400 610 544 662 denique
556 640 565 655 ,
593 624 633 649 ne
658 611 763 649 obuia
790 611 901 654 nimis,
924 622 966 648 ne
980 609 1161 661 vulgaria,
1188 615 1222 648 et
1237 622 1327 663 quae
1339 605 1457 662 perst
1476 609 1606 650 intelli-

193 664 239 717 gi
255 663 396 719 poffint,
416 678 569 720 quaeque
572 661 665 719 scire
684 679 754 704 non
769 663 913 705 multum
927 662 1071 716 interest,
1089 662 1179 716 ,izsto
1194 662 1377 704 liberalius
1398 662 1570 718 adponat.

310 720 400 758 Iam
421 726 549 759 extra
570 717 907 760 controuersiam
926 719 1111 773 positum
1141 718 1224 765 est,
1253 719 1321 759 his
1341 719 1484 759 iisdem
1503 719 1611 771 legi-

197 774 279 812 bus
299 775 461 823 alligari
483 777 610 813 etiam
632 787 806 819 omnes,
837 777 908 824 qui
940 775 991 810 ad
1020 774 1298 823 explicandos
1329 777 1531 824 antiquos
1550 776 1609 812 ri-

198 833 271 866 tus
304 830 523 868 accedunt.
583 829 846 880 Quisneget‚
859 826 1219 879 quemadmodum
1236 824 1351 865 bona
1369 828 1454 866 fide
1475 840 1609 879 agen-

200 883 302 920 dum
333 883 650 932 esthistorico,
682 886 944 936 ⁴itaflrituum
980 883 1224 921 enarratori
1250 881 1483 924 videndum
1514 882 1609 928 ess‘e,

197 948 255 974 ne
276 937 389 976 falsis
409 944 454 976 et
475 942 781 979 commentitiis
812 940 964 978 ritibus
1001 936 1292 986 moribusque,
1323 938 1397 976 vel
1425 939 1610 987 antiqui-

195 994 276 1031 tati
313 993 386 1033 vel
415 993 514 1032 huic
537 996 703 1033 recenti
736 996 867 1034 aetati
898 992 1175 1044 affingendis‚
1203 989 1386 1032 lectores
1415 992 1610 1045 decipiat.

197 1045 244 1084 A
265 1059 349 1095 qua
368 1048 485 1095 lege,
511 1059 603 1085 non
625 1048 801 1095 desunt,
830 1050 901 1097 qui
922 1047 1175 1090 deflectant,
1208 1046 1297 1085 flue
1326 1047 1438 1101 male
1460 1050 1610 1086 conie-

195 1098 348 1138 stando
379 1104 426 1137 et
455 1112 630 1151 errore,
668 1101 757 1153 siue
784 1101 1022 1140 mentiendi
1052 1100 1237 1142 libidine,
1257 1112 1283 1137 a
1300 1112 1410 1141 vero
1430 1100 1609 1147 abducti,

158 1195 170 1199 ἢ
193 1154 282 1193 fiue
308 1154 584 1198 credulitate,
618 1155 708 1193 flue
728 1155 864 1193 studio
887 1157 1046 1206 partim
1075 1154 1409 1202 incredibilium,
1433 1156 1610 1208 'partim

192 1210 482 1252 ridiculorum,
493 1209 635 1248 relatu
656 1208 1076 1247 commendationem
1094 1207 1167 1246 fibi
1187 1209 1377 1259 parandi.
1432 1210 1520 1250 Per
1538 1225 1608 1251 er-

193 1276 340 1303 rorem
361 1276 501 1317 prope
521 1263 748 1304 ridiculum
765 1263 934 1315 fingere
953 1263 1089 1313 litwn
1109 1261 1293 1308 videtur,
1304 1276 1354 1303 ac
1366 1268 1607 1306 meretrici-

194 1320 275 1358 bus
296 1320 586 1369 matronisque
606 1321 809 1363 tribuere‚
821 1324 949 1359 vetus
971 1320 1062 1357 inte
1080 1363 1083 1366 ,
1124 1370 1127 1372 ¹
1143 1330 1191 1358 es
1203 1319 1422 1373 quenalis
1441 1322 1495 1363 ad
1514 1321 1607 1363 Sat.

193 1373 271 1426 VI,
293 1388 367 1419 120,
389 1375 459 1414 vbi
479 1379 610 1426 poeta
637 1374 906 1414 Mess'alinam
925 1374 1065 1413 scribit
1162 1386 1268 1415 anar
1288 1376 1462 1416 intrass'e

395 1473 407 1481 -
455 1455 581 1497 nigrum
600 1456 683 1491 flauo
701 1457 817 1491 crinem
834 1455 1040 1491 abscondente
1058 1454 1177 1499 galero.

194 1539 267 1582 Ad
285 1551 414 1591 quem
433 1538 584 1581 locum'
594 1540 694 1593 quid
706 1538 956 1595 interpres?
982 1539 1177 1583 Primum
1185 1541 1606 1596 galeruminterpre-

193 1602 314 1636 tatur
332 1598 457 1636 crinem
461 1595 703 1651 fhppqfitum,
716 1597 905 1642 mundum
921 1596 1083 1638 muliebre
1097 1600 1224 1652 capitis
1240 1604 1470 1652 tegumentum
1488 1600 1525 1638 in
1533 1612 1606 1637 mo-

192 1650 276 1691 dum
287 1650 525 1706 galeaefaffu
657 1666 677 1704 ,ζ
741 1660 856 1697 ‚entur
871 1655 1072 1693 meretrices.
1100 1653 1215 1694 Mox
1231 1655 1446 1694 rationem
1464 1653 1604 1691 reddi-

192 1711 342 1754 turus,
373 1719 452 1746 cur
476 1664 695 1758 staff„
717 1708 813 1763 frus
838 1708 991 1754 fuerit,
1018 1709 1154 1755 addit,
1180 1710 1286 1763 nigro
1308 1708 1403 1746 crine
1419 1713 1604 1746 matronas

192 1757 282 1815 zgfizs.
336 1760 545 1801 Delirasse
565 1762 635 1801 hic
664 1765 970 1813 grammaticus
991 1764 1066 1802 iste
1091 1762 1397 1803 existimandus
1420 1761 1543 1807 esset,
1569 1760 1603 1799 fi

193 1827 348 1855 omnes
373 1821 595 1857 matronas
622 1820 743 1858 crine
775 1820 921 1870 nigro,
951 1823 997 1858 et
1025 1822 1180 1857 contra
1196 1817 1451 1866 meretrices
1472 1814 1594 1854 flans,

191 1870 310 1909 fuiffe
327 1870 523 1911 senfiffet.
580 1872 735 1913 Omnis
752 1877 863 1914 ritus
881 1887 931 1912 ea
949 1875 1016 1914 vis
1035 1873 1115 1918 est,
1133 1878 1182 1913 vt
1200 1874 1250 1913 ab
1268 1869 1499 1911 actionibus
1511 1873 1592 1903 nu-

192 1927 331 1963 manis
349 1925 483 1963 abeffe
499 1928 669 1975 quidem
687 1928 1028 1974 pomerum-ihus
1037 1933 1186 1964 tamen
1202 1923 1403 1981 receptus
1417 1924 1476 1961 fie.
1506 1917 1594 1958 Sed

192 1981 289 2031 quis
304 1979 388 2018 hoc
406 1980 596 2025 moribus
612 1977 727 2032 poss'e
745 1980 880 2031 recipi
896 1978 1192 2025 somniauerit‚
1220 1983 1401 2028 vtsqua‘e
1417 1973 1594 2013 futurae

192 2035 449 2073 meretrices
476 2033 596 2079 sunt,
640 2033 755 2073 flauo
775 2036 901 2084 ‚crine
926 2034 1188 2076 nascantur?
1216 2036 1362 2086 Itaque
1385 2027 1593 2070 Ostfflfius

193 2084 427 2130 Ferrarius
443 2088 495 2129 de
512 2102 562 2128 re
589 2073 695 2130 vestff‘
710 2088 759 2130 P.
777 2090 824 2130 'II
841 2088 925 2130 L.I
943 2104 978 2131 c.
997 2105 1045 2132 20
1063 2106 1106 2147 p.
1124 2080 1317 2141 42,ψῶ
1325 2081 1425 2132 beru,
1441 2085 1591 2137 inquit,

193 2151 292 2187 vetus
306 2142 514 2200 Scholiqstes
530 2142 670 2195 adiicit,
692 2141 1105 2243 ideoflauumssmtum,
1120 2137 1200 2211 qn‘a
1216 2142 1325 2197 nigrv
1347 2141 1442 2183 &ine
1457 2146 1592 2182 matro-

982 2217 1004 2243 2
1114 2220 1116 2222 ¹
1525 2209 1592 2238 nae
