1834 2607
221 101 254 161 ε
517 40 1079 168 *Queat

218 213 335 257 amis
351 209 547 268 purgatos*
568 210 618 251 in*
642 217 685 252 eo·
705 207 799 257 loco,
841 210 880 252 ui
894 210 1109 268 nuncstgna
1134 210 1284 254 Veneris
1311 212 1639 265 Cluacinae'luabet.

223 269 349 312 cluere
365 270 453 309 em'm
478 267 617 323 antiqui
624 280 789 321 purgare
830 266 971 307 icebant.
1029 266 1281 309 Secundum
1296 269 1483 312 Plinium
1507 273 1641 322 igitur
1668 273 1675 277 ”

222 324 433 367 Cluacina
447 331 540 363 non
561 335 586 362 a
602 322 755 363 cloacae
763 334 927 362 nomen
945 323 1087 374 habet,
1109 324 1181 365 sed
1196 324 1258 364 est
1274 326 1389 376 quafi
1409 327 1638 383 purgatrix

218 386 269 421 et
303 380 537 433 expiatrix.
1028 410 1040 417 2
1550 374 1554 384 “

329 435 451 477 Nihil
467 434 648 486 ambigO,
668 433 779 474 fitne
798 433 869 477 hic
884 435 1029 487 potius
1052 446 1191 483 error,
1201 448 1329 488 quam
1347 436 1467 483 alius,
1483 440 1554 488 qui
1563 450 1638 477 eo-

222 505 323 533 rum
340 491 492 532 infidet
509 492 674 535 animis,
685 493 757 541 qui
775 496 821 530 et
835 489 955 530 fuiss'e
967 496 1126 542 gentes
1145 498 1190 532 et
1210 505 1327 532 nunc
1347 493 1519 541 essefibi
1536 505 1639 545 per-

223 548 425 596 suadent,
458 548 518 586 ita
542 548 827 592 immanitate,
854 551 906 586 vt
937 546 1129 597 loquitur
1158 547 1292 589 Cotta
1320 548 1432 600 apud
1467 547 1556 588 Cic.
1583 548 1639 587 de

221 603 279 646 N.
294 604 351 643 D.
369 603 401 648 Ι,
418 617 456 651 ³3
476 601 690 647 efferatas,
713 607 764 643 vt
781 600 895 654 apud
915 613 991 641 eos
1022 602 1144 643 nulla
1172 602 1347 657 suspicio
1371 603 1548 645 deorum
1573 602 1637 643 fit.

221 658 335 700 Mihi
351 658 557 700 videntur
575 660 614 702 ii,
631 657 773 708 quivad
790 661 945 708 gentes
958 664 1205 697 commeant
1220 665 1265 697 et
1281 660 1472 698 moribus
1490 664 1534 698 et
1551 658 1637 697 ser-

221 728 354 754 mone
374 713 569 758 diss'onas,
587 712 658 754 vbi
677 713 823 753 nullos
841 712 1061 753 sacrorum
1090 715 1202 754 ritus
1217 713 1271 761 ibi
1288 715 1637 754 animaduertunt

223 770 381 810 ssmiles
399 769 461 815 iis,
481 772 553 820 qui
571 769 746 807 auribus
762 779 915 806 eorum
938 768 1156 819 oculiique
1172 769 1402 809 familiares
1420 770 1529 813 sunt,
1546 770 1637 819 qui-

221 824 384 875 busque
406 823 702 874 adsuetixsunt,
720 821 844 863 facile
869 834 922 860 eo
941 822 1088 868 dekabt
1113 828 1164 864 vt
1181 823 1253 863 fibi
1280 829 1436 875 gentes
1460 823 1650 875 fingant„

220 881 267 919 in
289 891 472 931 quarum
492 880 644 924 animis
659 878 779 917 nulla
796 879 987 928 cognitio
1008 878 1106 917 infit
1124 879 1373 919 diuinitatis.
1402 878 1515 919 Nam
1529 878 1637 918 ficut

219 936 346 989 saepe
362 935 488 974 facile
507 934 567 974 est
579 950 593 978 a
614 934 771 977 dicere,
791 933 892 984 quid
910 934 1004 983 quis
1024 933 1198 979 fecerit,
1217 939 1262 973 et
1278 934 1512 985 quomodo:
1548 945 1639 972 non

214 1003 359 1043 ,aeque
378 990 516 1033 facile,
532 989 632 1039 quid
649 1000 740 1027 non
763 988 929 1033 fecerit,
946 994 1021 1027 aut
1038 989 1278 1038 quomod03
1301 991 1366 1042 'ita
1383 983 1486 1041 mihi
1505 990 1641 1027 maior

215 1046 381 1096 'religio
392 1044 464 1091 est,
479 1045 715 1093 maiorque,
734 1054 791 1081 ne
811 1045 857 1081 in
868 1053 1064 1080 errorem
1074 1042 1263 1087 inducar,
1281 1048 1440 1090 metus,
1460 1043 1493 1082 fi
1512 1055 1641 1092 quem

221 1100 360 1145 audio,
377 1100 451 1152 qui
465 1099 508 1137 le
524 1098 577 1137 ad
595 1098 803 1151 populum
818 1097 1008 1138 delatum
1029 1095 1226 1140 testetur,
1235 1096 1321 1135 Dei
1334 1098 1639 1149 sacrorumque

221 1158 388 1196 rituum
400 1150 798 1193 et‘cerimoniarurn
816 1152 994 1202 prorsus
1013 1153 1222 1200 ignarum,
1232 1163 1360 1202 quam
1375 1151 1407 1190 fi
1425 1153 1532 1203 quis,
1546 1154 1639 1204 qui-

222 1223 325 1251 nam
341 1210 397 1249 dii
421 1208 477 1247 ab
490 1207 632 1257 aliqua
650 1209 783 1256 gente
809 1210 856 1243 et
875 1205 1090 1254 quomodo
1106 1205 1317 1250 colantur,
1337 1210 1501 1245 narret.
1557 1206 1641 1247 Cui

224 1265 426 1317 religioni
442 1275 496 1302 eo
514 1263 648 1312 magis
668 1260 773 1300 mihi
791 1259 1064 1300 seruiendum
1081 1259 1254 1313 putab0‚
1264 1263 1362 1313 quia
1377 1263 1493 1308 noui,
1505 1262 1639 1315 ipsum

224 1319 487 1375 Apostolum
504 1318 589 1357 diui
622 1329 649 1355 o
672 1316 824 1369 spiritu
849 1314 991 1355 aetum
1015 1315 1251 1361 affirmare,
1275 1314 1318 1358 τὲ
1338 1314 1471 1368 wag-&v
1497 1319 1548 1359 τῖς·
1561 1318 1639 1359 Θεὲ

225 1374 378 1429 Φοινερόν
399 1370 485 1425 ἕναη
500 1329 734 1414 τοῖςῷνεσιν.
790 1368 838 1415 Si
866 1372 1011 1421 itaque
1037 1371 1126 1423 ipse
1147 1371 1200 1410 ad
1212 1373 1423 1425 populum
1442 1374 1639 1413 venirem

225 1431 401 1483 templis
419 1432 655 1472 carentem,
671 1428 744 1476 qui
762 1438 845 1464 nec
861 1437 1042 1478 precum
1057 1425 1269 1472 formulis,
1300 1438 1382 1466 nec
1398 1429 1639 1467 iureiuran-

225 1485 296 1531 do,
312 1487 392 1528 nec
406 1482 621 1522 sacrificiis
636 1485 852 1524 vteretur,
872 1491 955 1519 nec
979 1479 1090 1520 vllas
1109 1481 1385 1525 cerimonias,
1413 1493 1495 1520 nec
1527 1484 1638 1522 ritus

213 1541 446 1588 'sacrorum
461 1537 576 1579 vllos
595 1535 699 1575 mihi
717 1537 916 1587 cognitos
935 1535 1093 1581 obiret,
1121 1532 1227 1575 mihi
1247 1534 1319 1576 diu
1345 1548 1442 1576 cum
1467 1549 1520 1576 eo
1537 1550 1637 1579 ver-

226 1594 402 1640 sandum
414 1598 627 1648 putarem,
637 1591 898 1633 veniendum
915 1592 960 1630 in
980 1592 1073 1630 eius
1084 1592 1278 1631 intimam
1292 1591 1636 1639 familiaritatem,

226 1652 373 1693 omnia
385 1647 767 1701 circumspicienda,
783 1646 1043 1687 excutienda
1057 1648 1211 1693 omnia,
1218 1647 1443 1688 scrutanda
1462 1649 1555 1689 eius
1573 1662 1639 1688 ar-

229 1719 337 1748 cana
354 1710 401 1746 et
410 1704 591 1755 occulta,
599 1702 917 1756 penetrandum
926 1703 980 1742 ad
992 1702 1140 1756 1·er
1151 1702 1379 1744 hominum
1396 1704 1637 1756 opiniones-

228 1775 332 1815 que,
351 1764 492 1814 prope·
511 1758 792 1812 irrependum
814 1758 859 1797 in
878 1756 1066 1798 latebras
1091 1756 1358 1810 recessusque
1379 1759 1637 1808 animorum,

230 1823 331 1856 ante
350 1826 480 1867 quam
493 1812 625 1863 *talem
640 1814 853 1867 populum
870 1814 944 1854 vel
959 1815 1005 1853 in
1027 1811 1537 1866 suspicionem1029e6moc
1555 1826 1636 1854 νο-

230 1884 384 1913 carem.
439 1866 601 1915 Colunt
620 1870 736 1908 enim
762 1868 866 1909 deos
895 1868 966 1908 alii
989 1868 1082 1908 aliis
1107 1868 1498 1921 modisxznonnulli
1518 1868 1636 1907 sacra

231 1929 305 1969 sua
311 1927 490 1977 vulgant
499 1937 510 1963 :
540 1924 736 1968 nonnulli
746 1924 982 1971 occultant,
991 1929 1037 1966 et
1046 1924 1171 1977 saepe
1189 1928 1361 1975 tantum
1369 1923 1529 1963 habent
1537 1935 1635 1975 my-

230 1981 538 2032 steriorum,in
551 1976 741 2019 adeane
758 1980 913 2013 imtiati
937 1979 1118 2024 quidem,
1147 1981 1278 2016 immo
1311 1982 1363 2017 vt
1391 1985 1454 2016 ne
1469 1977 1633 2029 mystae

230 2034 577 2091 quidem-omnes,
585 2031 881 2071 admittantur.
903 2028 1002 2082 ‘Qui
1011 2028 1081 2069 hic
1095 2030 1417 2079 auctoritatibus
1433 2029 1636 2074 aduerius

232 2104 317 2135 nos
332 2095 537 2146 pugnant,
545 2093 751 2137 tanquam
756 2084 896 2128 Baelii
906 2085 1152 2133 etaliorum,
1160 2086 1232 2137 qui
1240 2087 1458 2126 itineraria
1466 2084 1637 2133 conspr-

232 2151 448 2190 cinarunt,
455 2143 519 2187 his
529 2142 806 2185 auctoritates
816 2138 1160 2193 grauiffimorum
1172 2140 1402 2196 ,austerum
1411 2155 1645 2198 opponere.

228 2204 388 2250 licebit,
402 2200 612 2243 Maturini
626 2196 876 2255 Veifferiiulq
894 2195 1041 2255 Crose,
1068 2201 1116 2239 et
1122 2197 1324 2258 alivum,
1340 2205 1526 2252 quornm
1545 2211 1637 2249 mg..

671 2294 674 2297 .
907 2287 911 2289 -
1362 2267 1372 2273 ”
1402 2273 1408 2280 ·
1486 2265 1636 2308 “gnum
